<?xml version="1.0" encoding="UTF-8"?><record xmlns="http://www.loc.gov/MARC21/slim" xmlns:cinclude="http://apache.org/cocoon/include/1.0" xmlns:zs="http://www.loc.gov/zing/srw/">
  <leader>00404nz  a2200133n  4500</leader>
  <controlfield tag="001">no2011000967</controlfield>
  <controlfield tag="003">DLC</controlfield>
  <controlfield tag="005">20110106075346.0</controlfield>
  <controlfield tag="008">110104n| acannaabn          |n aaa     c</controlfield>
  <datafield tag="010" ind1=" " ind2=" ">
    <subfield code="a">no2011000967</subfield>
  </datafield>
  <datafield tag="035" ind1=" " ind2=" ">
    <subfield code="a">(OCoLC)oca08728983</subfield>
  </datafield>
  <datafield tag="040" ind1=" " ind2=" ">
    <subfield code="a">MoKU-MAV</subfield>
    <subfield code="b">eng</subfield>
    <subfield code="c">MoKU-MAV</subfield>
  </datafield>
  <datafield tag="100" ind1="1" ind2=" ">
    <subfield code="a">Sebastian, Charles</subfield>
  </datafield>
  <datafield tag="670" ind1=" " ind2=" ">
    <subfield code="a">Personal message from Bernard J. Sheil, D.D., president WFJL [SR] 195-?:</subfield>
    <subfield code="b">label (Charles Sebastian)</subfield>
  </datafield>
</record>